
  <record format="MAB" type="Bibliographic">
    <leader>00000nM2.01100024   000h</leader>
    <controlfield tag="001"> HT016980609</controlfield>
    <controlfield tag="002">20110929</controlfield>
    <controlfield tag="003">20111216</controlfield>
    <controlfield tag="004">20140616</controlfield>
    <datafield ind2=" " ind1=" " tag="026">
      <subfield code=" ">HBZHT016980609</subfield>
    </datafield>
    <datafield ind2=" " ind1=" " tag="030">
      <subfield code=" ">a|1uc||||||17</subfield>
    </datafield>
    <datafield ind2=" " ind1="a" tag="036">
      <subfield code=" ">XA-DE-BW</subfield>
    </datafield>
    <datafield ind2=" " ind1="b" tag="037">
      <subfield code=" ">ger</subfield>
    </datafield>
    <datafield ind2=" " ind1=" " tag="050">
      <subfield code=" ">||||||||g|||||</subfield>
    </datafield>
    <datafield ind2=" " ind1=" " tag="051">
      <subfield code=" ">m|||||||</subfield>
    </datafield>
    <datafield ind2=" " ind1=" " tag="070">
      <subfield code=" ">361</subfield>
    </datafield>
    <datafield ind2=" " ind1="b" tag="070">
      <subfield code=" ">468</subfield>
    </datafield>
    <datafield ind2=" " ind1="e" tag="078">
      <subfield code=" ">ZDB-59-BPA</subfield>
    </datafield>
    <datafield ind2=" " ind1="i" tag="078">
      <subfield code=" ">iall</subfield>
    </datafield>
    <datafield ind2=" " ind1=" " tag="080">
      <subfield code=" ">60</subfield>
    </datafield>
    <datafield ind2=" " ind1="a" tag="086">
      <subfield code=" ">978-3-621-27806-5</subfield>
    </datafield>
    <datafield ind2=" " ind1=" " tag="100">
      <subfield code=" ">Heinrichs, Nina</subfield>
      <subfield code="d">1973-</subfield>
      <subfield code="9">(DE-588)12484085X</subfield>
    </datafield>
    <datafield ind2=" " ind1="a" tag="104">
      <subfield code=" ">Lohaus, Arnold</subfield>
      <subfield code="d">1954-</subfield>
      <subfield code="9">(DE-588)115417141</subfield>
    </datafield>
    <datafield ind2=" " ind1=" " tag="331">
      <subfield code=" ">Klinische Entwicklungspsychologie kompakt</subfield>
    </datafield>
    <datafield ind2=" " ind1=" " tag="334">
      <subfield code=" ">Elektronische Ressource</subfield>
    </datafield>
    <datafield ind2=" " ind1=" " tag="335">
      <subfield code=" ">psychische Störungen im Kindes- und Jugendalter ; [mit Add-on]</subfield>
    </datafield>
    <datafield ind2=" " ind1=" " tag="359">
      <subfield code=" ">Nina Heinrichs ; Arnold Lohaus</subfield>
    </datafield>
    <datafield ind2=" " ind1=" " tag="403">
      <subfield code=" ">1. Aufl.</subfield>
    </datafield>
    <datafield ind2=" " ind1=" " tag="410">
      <subfield code=" ">Weinheim [u.a.]</subfield>
    </datafield>
    <datafield ind2=" " ind1=" " tag="412">
      <subfield code=" ">Beltz</subfield>
    </datafield>
    <datafield ind2=" " ind1="a" tag="425">
      <subfield code=" ">2011</subfield>
    </datafield>
    <datafield ind2=" " ind1=" " tag="433">
      <subfield code=" ">220 S. : Ill., graph. Darst.</subfield>
    </datafield>
    <datafield ind2=" " ind1="z" tag="527">
      <subfield code=" ">Druckausg.</subfield>
      <subfield code="a">Heinrichs, Nina: Klinische Entwicklungspsychologie kompakt</subfield>
      <subfield code="9">HT016873568</subfield>
    </datafield>
    <datafield ind2=" " ind1="a" tag="540">
      <subfield code=" ">978-3-621-27899-7</subfield>
    </datafield>
    <datafield ind2=" " ind1="a" tag="652">
      <subfield code=" ">Online-Ressource</subfield>
    </datafield>
    <datafield ind2=" " ind1=" " tag="700">
      <subfield code=" ">610</subfield>
    </datafield>
    <datafield ind2=" " ind1=" " tag="700">
      <subfield code=" ">150</subfield>
    </datafield>
    <datafield ind2=" " ind1="g" tag="700">
      <subfield code=" ">CU 5000</subfield>
    </datafield>
    <datafield ind2=" " ind1="a" tag="705">
      <subfield code=" ">618.928907</subfield>
      <subfield code="c">618.92</subfield>
      <subfield code="d">616.89</subfield>
      <subfield code="e">DDC22ger</subfield>
    </datafield>
    <datafield ind2="0" ind1="0" tag="689">
      <subfield code=" ">Kind</subfield>
      <subfield code="9">(DE-588)4030550-8</subfield>
    </datafield>
    <datafield ind2="1" ind1="0" tag="689">
      <subfield code=" ">Jugend</subfield>
      <subfield code="9">(DE-588)4028859-6</subfield>
    </datafield>
    <datafield ind2="2" ind1="0" tag="689">
      <subfield code=" ">Entwicklungsstörung</subfield>
      <subfield code="9">(DE-588)4014966-3</subfield>
    </datafield>
    <datafield ind2="3" ind1="0" tag="689">
      <subfield code=" ">Psychische Störung</subfield>
      <subfield code="9">(DE-588)4047686-8</subfield>
    </datafield>
    <datafield ind2="4" ind1="0" tag="689">
      <subfield code=" ">Psychopathologie</subfield>
      <subfield code="9">(DE-588)4047724-1</subfield>
    </datafield>
    <datafield ind2="5" ind1="0" tag="689">
      <subfield code=" ">Entwicklungspsychologie</subfield>
      <subfield code="9">(DE-588)4014963-8</subfield>
    </datafield>
    <datafield ind2="6" ind1="0" tag="689">
      <subfield code=" ">Lehrbuch</subfield>
    </datafield>
    <datafield ind2="7" ind1="0" tag="689">
      <subfield code=" ">Online-Publikation</subfield>
    </datafield>
  </record>