
  <record format="MAB" type="Bibliographic">
    <leader>00000nM2.01100024   000h</leader>
    <controlfield tag="001"> HT016984572</controlfield>
    <controlfield tag="002">20111005</controlfield>
    <controlfield tag="003">20120116</controlfield>
    <controlfield tag="004">20140616</controlfield>
    <datafield ind2=" " ind1="b" tag="020">
      <subfield code=" ">BV039600772</subfield>
      <subfield code="b">BVB</subfield>
    </datafield>
    <datafield ind2=" " ind1=" " tag="026">
      <subfield code=" ">BVBBV039600772</subfield>
    </datafield>
    <datafield ind2=" " ind1=" " tag="030">
      <subfield code=" ">a|1uc||||||17</subfield>
    </datafield>
    <datafield ind2=" " ind1="a" tag="036">
      <subfield code=" ">XA-DE-BW</subfield>
    </datafield>
    <datafield ind2=" " ind1="b" tag="037">
      <subfield code=" ">ger</subfield>
    </datafield>
    <datafield ind2=" " ind1=" " tag="050">
      <subfield code=" ">||||||||g|||||</subfield>
    </datafield>
    <datafield ind2=" " ind1=" " tag="051">
      <subfield code=" ">m|||||||</subfield>
    </datafield>
    <datafield ind2=" " ind1=" " tag="070">
      <subfield code=" ">361</subfield>
    </datafield>
    <datafield ind2=" " ind1="b" tag="070">
      <subfield code=" ">294</subfield>
    </datafield>
    <datafield ind2=" " ind1="e" tag="078">
      <subfield code=" ">ZDB-59-BPG</subfield>
    </datafield>
    <datafield ind2=" " ind1="i" tag="078">
      <subfield code=" ">iall</subfield>
    </datafield>
    <datafield ind2=" " ind1=" " tag="080">
      <subfield code=" ">60</subfield>
    </datafield>
    <datafield ind2=" " ind1="a" tag="086">
      <subfield code=" ">978-3-621-27524-8</subfield>
    </datafield>
    <datafield ind2=" " ind1=" " tag="100">
      <subfield code=" ">Eid, Michael</subfield>
      <subfield code="d">1963-</subfield>
      <subfield code="9">(DE-588)130635405</subfield>
    </datafield>
    <datafield ind2=" " ind1="a" tag="104">
      <subfield code=" ">Gollwitzer, Mario</subfield>
      <subfield code="d">1973-</subfield>
      <subfield code="9">(DE-588)123250196</subfield>
    </datafield>
    <datafield ind2=" " ind1="a" tag="108">
      <subfield code=" ">Schmitt, Manfred</subfield>
      <subfield code="9">(DE-588)132779420</subfield>
    </datafield>
    <datafield ind2=" " ind1=" " tag="331">
      <subfield code=" ">Statistik und Forschungsmethoden</subfield>
    </datafield>
    <datafield ind2=" " ind1=" " tag="334">
      <subfield code=" ">Elektronische Ressource</subfield>
    </datafield>
    <datafield ind2=" " ind1=" " tag="335">
      <subfield code=" ">Lehrbuch ; [mit Add-on]</subfield>
    </datafield>
    <datafield ind2=" " ind1=" " tag="359">
      <subfield code=" ">Michael Eid ; Mario Gollwitzer ; Manfred Schmitt</subfield>
    </datafield>
    <datafield ind2=" " ind1=" " tag="403">
      <subfield code=" ">2., korr. Aufl.</subfield>
    </datafield>
    <datafield ind2=" " ind1=" " tag="410">
      <subfield code=" ">Weinheim [u.a.]</subfield>
    </datafield>
    <datafield ind2=" " ind1=" " tag="412">
      <subfield code=" ">Beltz</subfield>
    </datafield>
    <datafield ind2=" " ind1="a" tag="425">
      <subfield code=" ">2011</subfield>
    </datafield>
    <datafield ind2=" " ind1=" " tag="433">
      <subfield code=" ">XXXII, 982 S. : graph. Darst.</subfield>
    </datafield>
    <datafield ind2=" " ind1="z" tag="527">
      <subfield code=" ">Druckausg.</subfield>
      <subfield code="a">Eid, Michael: Statistik und Forschungsmethoden</subfield>
      <subfield code="9">HT017013654</subfield>
    </datafield>
    <datafield ind2=" " ind1=" " tag="537">
      <subfield code=" ">Gesehen am: 06.12.2011</subfield>
    </datafield>
    <datafield ind2=" " ind1="a" tag="540">
      <subfield code=" ">978-3-621-27834-8</subfield>
    </datafield>
    <datafield ind2=" " ind1="a" tag="652">
      <subfield code=" ">Online-Ressource</subfield>
    </datafield>
    <datafield ind2=" " ind1=" " tag="700">
      <subfield code=" ">510</subfield>
    </datafield>
    <datafield ind2=" " ind1="g" tag="700">
      <subfield code=" ">SK 850</subfield>
    </datafield>
    <datafield ind2=" " ind1="g" tag="700">
      <subfield code=" ">QH 254</subfield>
    </datafield>
    <datafield ind2=" " ind1="g" tag="700">
      <subfield code=" ">CM 4000</subfield>
    </datafield>
    <datafield ind2=" " ind1="g" tag="700">
      <subfield code=" ">MR 2000</subfield>
    </datafield>
    <datafield ind2=" " ind1="g" tag="700">
      <subfield code=" ">MR 2100</subfield>
    </datafield>
    <datafield ind2=" " ind1="a" tag="705">
      <subfield code=" ">519.5</subfield>
      <subfield code="c">519.5</subfield>
      <subfield code="e">DDC22ger</subfield>
    </datafield>
    <datafield ind2="0" ind1="0" tag="689">
      <subfield code=" ">Statistik</subfield>
      <subfield code="9">(DE-588)4056995-0</subfield>
    </datafield>
    <datafield ind2="1" ind1="0" tag="689">
      <subfield code=" ">Lehrbuch</subfield>
    </datafield>
    <datafield ind2="2" ind1="0" tag="689">
      <subfield code=" ">Online-Publikation</subfield>
    </datafield>
  </record>