
  <record format="MAB" type="Bibliographic">
    <leader>00000nM2.01100024   000h</leader>
    <controlfield tag="001"> HT016980352</controlfield>
    <controlfield tag="002">20110929</controlfield>
    <controlfield tag="003">20120319</controlfield>
    <controlfield tag="004">20140616</controlfield>
    <datafield ind2=" " ind1=" " tag="026">
      <subfield code=" ">HBZHT016980352</subfield>
    </datafield>
    <datafield ind2=" " ind1=" " tag="030">
      <subfield code=" ">a|1uc||||||17</subfield>
    </datafield>
    <datafield ind2=" " ind1="a" tag="036">
      <subfield code=" ">XA-DE-BW</subfield>
    </datafield>
    <datafield ind2=" " ind1="b" tag="037">
      <subfield code=" ">ger</subfield>
    </datafield>
    <datafield ind2=" " ind1=" " tag="050">
      <subfield code=" ">||||||||g|||||</subfield>
    </datafield>
    <datafield ind2=" " ind1=" " tag="051">
      <subfield code=" ">m|||||||</subfield>
    </datafield>
    <datafield ind2=" " ind1=" " tag="070">
      <subfield code=" ">361</subfield>
    </datafield>
    <datafield ind2=" " ind1="b" tag="070">
      <subfield code=" ">708</subfield>
    </datafield>
    <datafield ind2=" " ind1="e" tag="078">
      <subfield code=" ">ZDB-59-BPA</subfield>
    </datafield>
    <datafield ind2=" " ind1="i" tag="078">
      <subfield code=" ">iall</subfield>
    </datafield>
    <datafield ind2=" " ind1=" " tag="080">
      <subfield code=" ">60</subfield>
    </datafield>
    <datafield ind2=" " ind1="a" tag="086">
      <subfield code=" ">978-3-621-27594-1</subfield>
    </datafield>
    <datafield ind2=" " ind1=" " tag="100">
      <subfield code=" ">Kals, Elisabeth</subfield>
      <subfield code="d">1966-</subfield>
      <subfield code="9">(DE-588)122147979</subfield>
    </datafield>
    <datafield ind2=" " ind1="a" tag="104">
      <subfield code=" ">Gallenmüller-Roschmann, Jutta</subfield>
      <subfield code="d">1957-</subfield>
      <subfield code="9">(DE-588)123532256</subfield>
    </datafield>
    <datafield ind2=" " ind1=" " tag="331">
      <subfield code=" ">Arbeits- und Organisationspsychologie kompakt</subfield>
    </datafield>
    <datafield ind2=" " ind1=" " tag="334">
      <subfield code=" ">Elektronische Ressource</subfield>
    </datafield>
    <datafield ind2=" " ind1=" " tag="335">
      <subfield code=" ">[mit Add-on]</subfield>
    </datafield>
    <datafield ind2=" " ind1=" " tag="359">
      <subfield code=" ">Elisabeth Kals ; Jutta Gallenmüller-Roschmann</subfield>
    </datafield>
    <datafield ind2=" " ind1=" " tag="403">
      <subfield code=" ">2., überarb. Aufl.</subfield>
    </datafield>
    <datafield ind2=" " ind1=" " tag="410">
      <subfield code=" ">Weinheim [u.a.]</subfield>
    </datafield>
    <datafield ind2=" " ind1=" " tag="412">
      <subfield code=" ">Beltz</subfield>
    </datafield>
    <datafield ind2=" " ind1="a" tag="425">
      <subfield code=" ">2011</subfield>
    </datafield>
    <datafield ind2=" " ind1=" " tag="433">
      <subfield code=" ">256 S. : graph. Darst.</subfield>
    </datafield>
    <datafield ind2=" " ind1="z" tag="527">
      <subfield code=" ">Druckausg.</subfield>
      <subfield code="a">Kals, Elisabeth: Arbeits- und Organisationspsychologie kompakt</subfield>
      <subfield code="9">HT016657155</subfield>
    </datafield>
    <datafield ind2=" " ind1=" " tag="537">
      <subfield code=" ">Gesehen am: 19.03.2012</subfield>
    </datafield>
    <datafield ind2=" " ind1="a" tag="540">
      <subfield code=" ">978-3-621-27901-7</subfield>
    </datafield>
    <datafield ind2=" " ind1="a" tag="652">
      <subfield code=" ">Online-Ressource</subfield>
    </datafield>
    <datafield ind2=" " ind1=" " tag="700">
      <subfield code=" ">650</subfield>
    </datafield>
    <datafield ind2=" " ind1=" " tag="700">
      <subfield code=" ">150</subfield>
    </datafield>
    <datafield ind2=" " ind1="g" tag="700">
      <subfield code=" ">QP 342</subfield>
    </datafield>
    <datafield ind2=" " ind1="g" tag="700">
      <subfield code=" ">CW 1500</subfield>
    </datafield>
    <datafield ind2=" " ind1="g" tag="700">
      <subfield code=" ">CW 4500</subfield>
    </datafield>
    <datafield ind2=" " ind1="a" tag="705">
      <subfield code=" ">658.30019</subfield>
      <subfield code="c">658.3</subfield>
      <subfield code="e">DDC22ger</subfield>
      <subfield code="f">019</subfield>
    </datafield>
    <datafield ind2="0" ind1="0" tag="689">
      <subfield code=" ">Personalpsychologie</subfield>
      <subfield code="9">(DE-588)4784219-2</subfield>
    </datafield>
    <datafield ind2="1" ind1="0" tag="689">
      <subfield code=" ">Online-Publikation</subfield>
    </datafield>
  </record>