
  <record format="MAB" type="Bibliographic">
    <leader>00000nM2.01100024   000h</leader>
    <controlfield tag="001"> HT016983725</controlfield>
    <controlfield tag="002">20111004</controlfield>
    <controlfield tag="003">20140123</controlfield>
    <controlfield tag="004">20140616</controlfield>
    <datafield ind2=" " ind1="b" tag="020">
      <subfield code=" ">BV039600588</subfield>
      <subfield code="b">BVB</subfield>
    </datafield>
    <datafield ind2=" " ind1=" " tag="026">
      <subfield code=" ">BVBBV039600588</subfield>
    </datafield>
    <datafield ind2=" " ind1=" " tag="030">
      <subfield code=" ">a|1uc||||||17</subfield>
    </datafield>
    <datafield ind2=" " ind1="a" tag="036">
      <subfield code=" ">XA-DE-BW</subfield>
    </datafield>
    <datafield ind2=" " ind1="b" tag="037">
      <subfield code=" ">ger</subfield>
    </datafield>
    <datafield ind2=" " ind1=" " tag="050">
      <subfield code=" ">||||||||g|||||</subfield>
    </datafield>
    <datafield ind2=" " ind1=" " tag="051">
      <subfield code=" ">m|||||||</subfield>
    </datafield>
    <datafield ind2=" " ind1=" " tag="070">
      <subfield code=" ">361</subfield>
    </datafield>
    <datafield ind2=" " ind1="b" tag="070">
      <subfield code=" ">294</subfield>
    </datafield>
    <datafield ind2=" " ind1="e" tag="078">
      <subfield code=" ">ZDB-59-BPG</subfield>
    </datafield>
    <datafield ind2=" " ind1="i" tag="078">
      <subfield code=" ">iall</subfield>
    </datafield>
    <datafield ind2=" " ind1=" " tag="080">
      <subfield code=" ">60</subfield>
    </datafield>
    <datafield ind2=" " ind1="a" tag="086">
      <subfield code=" ">978-3-621-27702-0</subfield>
    </datafield>
    <datafield ind2=" " ind1=" " tag="100">
      <subfield code=" ">Luhmann, Maike</subfield>
      <subfield code="9">(DE-588)13623450X</subfield>
    </datafield>
    <datafield ind2=" " ind1=" " tag="331">
      <subfield code=" ">R für Einsteiger</subfield>
    </datafield>
    <datafield ind2=" " ind1=" " tag="334">
      <subfield code=" ">Elektronische Ressource</subfield>
    </datafield>
    <datafield ind2=" " ind1=" " tag="335">
      <subfield code=" ">Einführung in die Statistiksoftware für die Sozialwissenschaften ; [mit Add-on]</subfield>
    </datafield>
    <datafield ind2=" " ind1=" " tag="359">
      <subfield code=" ">Maike Luhmann</subfield>
    </datafield>
    <datafield ind2=" " ind1=" " tag="403">
      <subfield code=" ">1. Aufl.</subfield>
    </datafield>
    <datafield ind2=" " ind1=" " tag="410">
      <subfield code=" ">Weinheim [u.a.]</subfield>
    </datafield>
    <datafield ind2=" " ind1=" " tag="412">
      <subfield code=" ">Beltz</subfield>
    </datafield>
    <datafield ind2=" " ind1="a" tag="425">
      <subfield code=" ">2010</subfield>
    </datafield>
    <datafield ind2=" " ind1=" " tag="433">
      <subfield code=" ">XI, 305 S. : graph. Darst.</subfield>
    </datafield>
    <datafield ind2=" " ind1="z" tag="527">
      <subfield code=" ">Druckausg.</subfield>
      <subfield code="a">Luhmann, Maike: R für Einsteiger</subfield>
      <subfield code="9">HT016204416</subfield>
    </datafield>
    <datafield ind2=" " ind1=" " tag="537">
      <subfield code=" ">Gesehen am: 15.03.2012</subfield>
    </datafield>
    <datafield ind2=" " ind1="a" tag="540">
      <subfield code=" ">978-3-621-27841-6</subfield>
    </datafield>
    <datafield ind2=" " ind1="a" tag="652">
      <subfield code=" ">Online-Ressource</subfield>
    </datafield>
    <datafield ind2=" " ind1=" " tag="700">
      <subfield code=" ">510</subfield>
    </datafield>
    <datafield ind2=" " ind1=" " tag="700">
      <subfield code=" ">300</subfield>
    </datafield>
    <datafield ind2=" " ind1=" " tag="700">
      <subfield code=" ">004</subfield>
    </datafield>
    <datafield ind2=" " ind1="g" tag="700">
      <subfield code=" ">QH 231</subfield>
    </datafield>
    <datafield ind2=" " ind1="g" tag="700">
      <subfield code=" ">CM 4000</subfield>
    </datafield>
    <datafield ind2=" " ind1="g" tag="700">
      <subfield code=" ">MR 2100</subfield>
    </datafield>
    <datafield ind2=" " ind1="g" tag="700">
      <subfield code=" ">ST 250</subfield>
    </datafield>
    <datafield ind2=" " ind1="g" tag="700">
      <subfield code=" ">ST 601</subfield>
    </datafield>
    <datafield ind2=" " ind1="g" tag="700">
      <subfield code=" ">ST 650</subfield>
    </datafield>
    <datafield ind2=" " ind1="a" tag="705">
      <subfield code=" ">519.50285555</subfield>
      <subfield code="c">519.5</subfield>
      <subfield code="d">005.55</subfield>
      <subfield code="e">DDC22ger</subfield>
      <subfield code="f">0285</subfield>
    </datafield>
    <datafield ind2="0" ind1="0" tag="689">
      <subfield code=" ">Statistik</subfield>
      <subfield code="9">(DE-588)4056995-0</subfield>
    </datafield>
    <datafield ind2="1" ind1="0" tag="689">
      <subfield code=" ">R</subfield>
      <subfield code="h">Programm</subfield>
      <subfield code="9">(DE-588)4705956-4</subfield>
    </datafield>
    <datafield ind2="2" ind1="0" tag="689">
      <subfield code=" ">Online-Publikation</subfield>
    </datafield>
    <datafield ind2=" " ind1=" " tag="903">
      <subfield code=" ">213</subfield>
    </datafield>
  </record>